@string{ jacm = "Journal of the ACM"}
@string{ cacm = "Communications of the ACM"}
@string{ jcss = "Journal of Computing "}
@string{ stoc = "Proceedings of the Symposium on the Theory of Computation (STOC)"}
@string{ colt = "Proceedings of the Conference on Learning Theory (COLT)"}
@string{ jmlr = "Journal of Machine Learning Research (JMLR)"}
@string{ itcs = "Proceedings of Innovations in Theoretical Computer Science (ITCS)"}
@string{ focs = "Proceedings of IEEE Conference on the Foundations of Computer Science (FOCS)"}
@string{ nips = "Neural Information Processing Systems (NIPS)"}
@string{ pnas = "Proceedings of the National Academy of Science"}
@string{ stacs = "Proceedings of the Symposium on Theoretical Aspects of
Computer Science"}
@string{ alt = "Proceedings of Algorithmic Learning Theory"}

@article{JSV:2004,
	author = {Jerrum, Mark and Sinclair, Alistair and Vigoda, Eric},
	title = {A polynomial-time approximation algorithm for the permanent of a
	matrix with nonnegative entries},
  	journal = jacm,
	volume = {51}, 
	number = {4}, 
	month = {jul}, 
	year = {2004}, 
	pages = {671--697}, 
	publisher = {ACM}, 
	address = {New York, NY, USA}, 
} 

@inproceedings{JS:1990, 
	author = {Jerrum, Mark and Sinclair, Alistair}, 
	title = {Polynomial-time approximation algorithms for the Ising model}, 
	booktitle = {Proceedings of the seventeenth international colloquium on
	Automata, languages and programming}, 
	year = {1990}, 
	pages = {462--475}, 
	publisher = {Springer-Verlag New York, Inc.}, 
	address = {New York, NY, USA}, 
}

@inproceedings{LRS:1995, 
	author = {Luby, Michael and Randall, Dana and Sinclair, Alistair}, 
	title = {Markov chain algorithms for planar lattice structures}, 
	booktitle = {Proceedings of the 36th Annual Symposium on Foundations of
	Computer Science}, 
	series = {FOCS '95}, 
	year = {1995}, 
	pages = {150--},
	publisher = {IEEE Computer Society}, 
	address = {Washington, DC, USA},
}

@inproceedings{CE-DMV:2010,
	author = {Crammer, Koby and Even-Dar, Eyal and Mansour, Yishay and Vaughan,
	Jennifer Wortman},
	title = {Regret Minimization with Concept Drift},
	booktitle = {Proceedings of the 23rd annual conference on learning theory},
	year = {2010},
}

@article{BMOS:2005,
	author = {Nader H. Bshouty and Elchanan Mossel and Ryan O'Donnel and Rocco A.
	Servedio},
	title = {Learning DNF from random walks},
	journal = {J. Comput. Syst. Sci.},
	volume = {71},
	number = {3},
	month = {Oct},
	year = {2005},
	pages = {250--265},
}

@article{Valiant:1984,
	author = {Leslie G. Valiant},
	title = {A Theory of the Learnable},
	journal = {Commun. ACM},
	volume = {27},
	number = {11},
	month = {Nov},
	year = {1984},
	pages = {1134--1142},
}

@misc{AF:2002,
	title = {Reversible Markov Chains and Random Walks on Graphs},
	author = {David Aldous and James Fill},
	year = {2002},
	note = {Draft available at
	\url{www.stat.berkeley.edu/~aldous/RWG/book.html}},
}

@article{MS:2013,
	title = {Exact thresholds for Ising-Gibbs samplers on general graphs},
	author = {Elchanan Mossel and Allan Sly},
	journal = {Annals of Probability},
	year = {2013},
	volume = {41},
	number = {1},
	pages = {294--328},
}

@book{Jerrum:2003,
	title = {Counting, Sampling and Integrating: Algorithms and Complexity},
	author = {Mark Jerrum},
	publisher = {Birkh\"{a}user},
	year = {2003},
}

@article{LMN:1993,
	author = {Nathan Linial and Yishay Mansour and Noam Nisan},
	title = {Constant depth circuits, Fourier transform, and learnability},
	journal = {J. ACM},
	volume = {40},
	number = {3},
	year = {1993},
	pages = {607--620},
	publisher = {ACM},
	address = {New York, NY, USA},
}

@article{Blum:1992,
	author = {Blum, Avrim},
  	title = {Learning Boolean Functions in an Infinite Attribute Space}, 
	journal = {Mach. Learn.}, 
	volume = {9}, 
	number = {4}, 
	year = {1992}, 
	pages = {373--386}, 
} 

@article{MOS:2004,
	author = {Mossel, Elchanan and O'Donnell, Ryan and Servedio, Rocco A.}, 
	title = {Learning functions of k relevant variables}, 
	journal = {J. Comput. Syst. Sci.}, 
	volume = {69}, 
	number = {3}, 
	year = {2004}, 
	pages = {421--434},
} 

@inproceedings{ABX:2008,
	author = {Applebaum, Benny and Barak, Boaz and Xiao, David},
	title = {On Basing Lower-Bounds for Learning on Worst-Case Assumptions}, 
	booktitle = {Proceedings of the 2008 49th Annual IEEE Symposium on Foundations of Computer Science}, 
	year = {2008}, 
	pages = {211--220},
}

@inproceedings{NGS:2012,
	author = {Gergely Neu and Andr\'{a}s Gy\"{o}rgy and Csaba Szepesv\'{a}ri},
	title = {The adversarial stochastic shortest path problem with unknown
	transition probabilities},
	year = {2012},
	booktitle = {AISTATS},
}

@inproceedings{Regev:2005, 
	author = {Regev, Oded}, 
	title = {On lattices, learning with errors, random linear codes, and
	cryptography},
	booktitle = {Proceedings of the thirty-seventh annual ACM symposium on Theory
	of computing},
	year = {2005},
	pages = {84--93},
} 

@inproceedings{KMV:2008,
	author = {Kalai, Adam Tauman and Mansour, Yishay and Verbin, Elad}, 
	title = {On agnostic boosting and parity learning}, 
	booktitle = {Proceedings of the 40th annual ACM symposium on Theory of computing}, 
	year = {2008},
	pages = {629--638},
} 

@inproceedings{Littlestone:1989, 
	author = {Littlestone, Nick}, 
	title = {From on-line to batch learning}, 
	booktitle = {Proceedings of the second annual workshop on Computational
	learning theory}, 
	year = {1989}, 
	pages = {269--284},
} 

@inproceedings{KS:2012,
	author = {Kanade, Varun and Steinke, Thomas}, 
	title = {Learning hurdles for sleeping experts}, 
	booktitle = {Proceedings of the 3rd Innovations in Theoretical Computer
	Science Conference}, 
	series = {ITCS '12},
	pages = {11--18},
}

@book{KS:1980,
	title = {Markov Random Fields and Their Applications},
	author = {Ross Kinderman and J. Laurie Snell},
	year = {1980},
	publisher = {AMS},
}

@book{KV:1994,
	title = {An Introduction to Computational Learning Theory},
	author = {Michael J. Kearns and Umesh Vazirani},
	year = {1994},
	publisher = {The MIT Press},
}

@article{AV:1995,
	author = {Aldous, David and Vazirani, Umesh}, 
	title = {A Markovian extension of Valiant's learning model}, 
	journal = {Inf. Comput.}, 
	volume = {117}, 
	number = {2}, 
	year = {1995}, 
	pages = {181--186},
} 

@inproceedings{BFH:1994,
	author = {Bartlett, Peter L. and Fischer, Paul and H\"{o}ffgen, Klaus-Uwe}, 
	title = {Exploiting random walks for learning}, 
	booktitle = {Proceedings of the seventh annual conference on Computational
	learning theory}, 
	series = {COLT '94}, 
	year = {1994}, 
	pages = {318--327},
} 

@inproceedings{Gamarnik:1999,
	author = {Gamarnik, David},
	title = {Extension of the PAC framework to finite and countable Markov
	chains},
	booktitle = {Proceedings of the twelfth annual conference on Computational
	learning theory},
	series = {COLT '99},
	year = {1999},
	pages = {308--317},
} 

@article{Valiant:2009-evolvability, 
	author = {Valiant, Leslie G.}, 
	title = {Evolvability}, 
	journal = jacm, 
	volume = {56}, 
	number = {1}, 
	year = {2009}, 
	pages = {3:1--3:21}, 
	publisher = {ACM}, 
	address = {New York, NY, USA}, 
	keywords = {Evolvable, PAC learning, SQ learning}, 
} 

@inproceedings{Feldman:2008-evolvability,
	title = "Evolution from Learning Algorithms",
	author = "Vitaly Feldman",
	year = "2008",
	booktitle = stoc,
}

@inproceedings{Feldman:2009-robustness,
	title = "Robustness of Evolvability",
	author = "Vitaly Feldman",
	year = "2009",
	booktitle = colt,
}

@inproceedings{Valiant:2012-real,
	title = "Evolvability of Real-Valued Functions",
	author = "Paul Valiant",
	year = "2012",
	booktitle = itcs,
}

@phdthesis{Kanade:2012-thesis,
	title = "Computational Questions in Evolution",
	author = "Varun Kanade",
	year = "2012",
	school = "Harvard University",
}

@inproceedings{KVV:2010-drift,
	title = "Evolution with Drifting Targets",
	author = "Varun Kanade and Jennifer Wortman Vaughan and Leslie G. Valiant",
	year = "2010",
	booktitle = colt,
}

@article{Donoho:2009-sparse,
  author    = {Alfred M. Bruckstein and
               David L. Donoho and
               Michael Elad},
  title     = {From Sparse Solutions of Systems of Equations to Sparse
               Modeling of Signals and Images},
  journal   = {SIAM Review},
  volume    = {51},
  number    = {1},
  year      = {2009},
  pages     = {34-81}
}

@article{Tropp:2004-greed,
  author    = {Joel A. Tropp},
  title     = {Greed is good: algorithmic results for sparse approximation},
  journal   = {IEEE Transactions on Information Theory},
  volume    = {50},
  number    = {10},
  year      = {2004},
  pages     = {2231-2242}
}

@article{Donoho:2006-recovery,
  author    = {David L. Donoho and
               Michael Elad and
               Vladimir N. Temlyakov},
  title     = {Stable recovery of sparse overcomplete representations in
               the presence of noise},
  journal   = {IEEE Transactions on Information Theory},
  volume    = {52},
  number    = {1},
  year      = {2006},
  pages     = {6-18}
}
